@online{WrldBnkUrbanDevelopment,
    author = {World Bank Group},
    title = {Urban Development},
    url = {https://www.worldbank.org/en/topic/urbandevelopment/overview},
    year = {2023},
    urldate = {2024-09-25},
}

@online{CensusApproachesAndMethods,
    author = {Paolo Valente},
    title = {Censuses: Current Approaches and Methods},
    url = {https://www.researchgate.net/publication/304194516_Censuses_Current_Approaches_and_Methods},
    year = {2015},
    urldate = {2024-09-25},
}

@article{BirthOfModernCensusInSweden,
    author = {Peter Sk√∂ld},
    title = {The birth of population statistics in Sweden},
    journal = {The History of the Family},
    year = {2012},
    URL = {
        https://doi.org/10.1016/j.hisfam.2001.10.001},
    urldate = {2024-09-26},
}

@online{UsaHelpingOthersWithCensuses,
    author = {Nobuko Mizoguchi},
    title = {Census Bureau Helps Countries Conduct Their Own Censuses},
    url = {https://www.census.gov/library/stories/2018/10/census-bureau-helps-countries-conduct-their-own-censuses.html},
    year = {2018},
    urldate = {2024-09-26},
}

@online{WorldMapOf2020RoundCensus,
    author = {Rachel Snow},
    title = {UNFPA's support to the 2020 Census 
Round},
    url = {https://unstats.un.org/unsd/statcom/49th-session/side-events/documents/20180307-2L-UNFPA-2020-Round-of-Population-and-Housing-Censuses.pdf},
    year = {2018},
    urldate = {2024-09-26},
}

@book{CensusPrinciplesAndRecommendations,
    author = {Department of Economic and Social Affairs, Statistics Division},
    title = {Principles and 
Recommendations for 
Population and Housing 
Censuses},
    publisher = {United Nations},
    year = {2017},
    address = {New York, United States of America},
    note = {316p.},
    langid = {english},
}

@online{Codid19ImplicationsOnCensusConduct,
    author = {United Nations Population Fund},
    title = {Technical Brief on the Implications of COVID-19 on Census},
    url = {https://www.unfpa.org/resources/technical-brief-implications-covid-19-census},
    year = {2020},
    urldate = {2024-09-26},
}